@article{联合平均算法,
  title={FDML: A collaborative machine learning framework for distributed features},
  author={Hu, Yaochen and Niu, Di and Yang, Jianming and Zhou, Shengping},
  journal={Proceedings of the 25th ACM SIGKDD International Conference on Knowledge Discovery \& Data Mining},
  number={01},
  pages={2232--2240},
  year={2019}
}
@article{差分隐私联邦学习,
  title={Learning differentially private recurrent language models},
  author={McMahan, H Brendan and Ramage, Daniel and Talwar, Kunal and Zhang, Li},
  journal={arXiv preprint arXiv:1710.06963},
  number={02},
  year={2017}
}
@inproceedings{模型反演攻击,
  title={Model inversion attacks that exploit confidence information and basic countermeasures},
  author={Fredrikson, Matt and Jha, Somesh and Ristenpart, Thomas},
  booktitle={Proceedings of the 22nd ACM SIGSAC conference on computer and communications security},
  pages={1322--1333},
  year={2015}
}
@article{何积丰2019安全可信人工智能,
  title={安全可信人工智能},
  author={何积丰},
  journal={信息安全与通信保密},
  number={10},
  pages={4-8},
  year={2019},
}

@phdthesis{杭杰2019,
  title={集成对抗性机器学习及其应用研究},
  author={杭杰},
  school={南京邮电大学},
  year={2019},
}

@phdthesis{张越龄2019SAT,
  title={SAT/SMT公式关键变量的计算与应用},
  author={张越龄},
  year={2019},
}

@phdthesis{李长江2020,
  title={面向神经网络的启发式防御和鲁棒性验证技术研究},
  author={李长江},
  school={浙江大学},
  year={2020},
}

@article{seshia2016towards,
  title={Towards verified artificial intelligence},
  author={Seshia, Sanjit A and Sadigh, Dorsa and Sastry, S Shankar},
  journal={arXiv preprint arXiv:1606.08514},
  year={2016}
}

@article{bride2019silas,
  title={Silas: High performance, explainable and verifiable machine learning},
  author={Bride, Hadrien and Hou, Zhe and Dong, Jie and Dong, Jin Song and Mirjalili, Ali},
  journal={arXiv preprint arXiv:1910.01382},
  year={2019}
}

@article{chen2019robust,
  title={Robust decision trees against adversarial examples},
  author={Chen, Hongge and Zhang, Huan and Boning, Duane and Hsieh, Cho-Jui},
  journal={arXiv preprint arXiv:1902.10660},
  year={2019}
}

@inproceedings{chen2019robustness,
  title={Robustness verification of tree-based models},
  author={Chen, Hongge and Zhang, Huan and Si, Si and Li, Yang and Boning, Duane and Hsieh, Cho-Jui},
  booktitle={Advances in Neural Information Processing Systems},
  pages={12317--12328},
  year={2019}
}

@inproceedings{tornblom2019abstraction,
  title={An abstraction-refinement approach to formal verification of tree ensembles},
  author={T{\"o}rnblom, John and Nadjm-Tehrani, Simin},
  booktitle={International Conference on Computer Safety, Reliability, and Security},
  pages={301--313},
  year={2019},
  organization={Springer}
}

@article{sato2019formal,
  title={Formal verification of decision-tree ensemble model and detection of its violating-input-value ranges},
  author={Sato, Naoto and Kuruma, Hironobu and Nakagawa, Yuichiroh and Ogawa, Hideto},
  journal={arXiv preprint arXiv:1904.11753},
  year={2019}
}

@article{narodytska2017verifying,
  title={Verifying properties of binarized deep neural networks},
  author={Narodytska, Nina and Kasiviswanathan, Shiva Prasad and Ryzhyk, Leonid and Sagiv, Mooly and Walsh, Toby},
  journal={arXiv preprint arXiv:1709.06662},
  year={2017}
}

% norm
@article{sun2007increasing,
  title={Increasing the robustness of boosting algorithms within the linear-programming framework},
  author={Sun, Yijun and Todorovic, Sinisa and Li, Jian},
  journal={The Journal of VLSI Signal Processing Systems for Signal, Image, and Video Technology},
  volume={48},
  number={1-2},
  pages={5--20},
  year={2007},
  publisher={Springer}
}
@inproceedings{moosavi2017universal,
  title={Universal adversarial perturbations},
  author={Moosavi-Dezfooli, Seyed-Mohsen and Fawzi, Alhussein and Fawzi, Omar and Frossard, Pascal},
  booktitle={Proceedings of the IEEE conference on computer vision and pattern recognition},
  pages={1765--1773},
  year={2017}
}

% tree
@inproceedings{viola2001rapid,
  title={Rapid object detection using a boosted cascade of simple features},
  author={Viola, Paul and Jones, Michael},
  booktitle={Proceedings of the 2001 IEEE computer society conference on computer vision and pattern recognition. CVPR 2001},
  volume={1},
  pages={I--I},
  year={2001},
  organization={IEEE}
}
@article{zhang2015gradient,
  title={A gradient boosting method to improve travel time prediction},
  author={Zhang, Yanru and Haghani, Ali},
  journal={Transportation Research Part C: Emerging Technologies},
  volume={58},
  pages={308--324},
  year={2015},
  publisher={Elsevier}
}

@article{freund1997decision,
  title={A decision-theoretic generalization of on-line learning and an application to boosting},
  author={Freund, Yoav and Schapire, Robert E},
  journal={Journal of computer and system sciences},
  volume={55},
  number={1},
  pages={119--139},
  year={1997},
  publisher={Elsevier}
}
@inproceedings{chapelle2011yahoo,
  title={Yahoo! learning to rank challenge overview},
  author={Chapelle, Olivier and Chang, Yi},
  booktitle={Proceedings of the learning to rank challenge},
  pages={1--24},
  year={2011}
}

%robust
@inproceedings{leistner2009robustness,
  title={On robustness of on-line boosting-a competitive study},
  author={Leistner, Christian and Saffari, Amir and Roth, Peter M and Bischof, Horst},
  booktitle={2009 IEEE 12th International Conference on Computer Vision Workshops, ICCV Workshops},
  pages={1362--1369},
  year={2009},
  organization={IEEE}
}
@inproceedings{eykholt2018robust,
  title={Robust physical-world attacks on deep learning visual classification},
  author={Eykholt, Kevin and Evtimov, Ivan and Fernandes, Earlence and Li, Bo and Rahmati, Amir and Xiao, Chaowei and Prakash, Atul and Kohno, Tadayoshi and Song, Dawn},
  booktitle={Proceedings of the IEEE Conference on Computer Vision and Pattern Recognition},
  pages={1625--1634},
  year={2018}
}
%advertise
@article{feinman2017detecting,
  title={Detecting adversarial samples from artifacts},
  author={Feinman, Reuben and Curtin, Ryan R and Shintre, Saurabh and Gardner, Andrew B},
  journal={arXiv preprint arXiv:1703.00410},
  year={2017}
}
@article{finlayson2018adversarial,
  title={Adversarial attacks against medical deep learning systems},
  author={Finlayson, Samuel G and Chung, Hyung Won and Kohane, Isaac S and Beam, Andrew L},
  journal={arXiv preprint arXiv:1804.05296},
  year={2018}
}
@inproceedings{fong2017interpretable,
  title={Interpretable explanations of black boxes by meaningful perturbation},
  author={Fong, Ruth C and Vedaldi, Andrea},
  booktitle={Proceedings of the IEEE International Conference on Computer Vision},
  pages={3429--3437},
  year={2017}
}
@inproceedings{gehr2018ai2,
  title={Ai2: Safety and robustness certification of neural networks with abstract interpretation},
  author={Gehr, Timon and Mirman, Matthew and Drachsler-Cohen, Dana and Tsankov, Petar and Chaudhuri, Swarat and Vechev, Martin},
  booktitle={2018 IEEE Symposium on Security and Privacy (SP)},
  pages={3--18},
  year={2018},
  organization={IEEE}
}
@article{goldfeld2018estimating,
  title={Estimating Information Flow in Neural Networks. arXiv e-prints, page},
  author={Goldfeld, Z and van den Berg, E and Greenewald, K and Melnyk, I and Nguyen, N and Kingsbury, B and Polyanskiy, Y},
  journal={arXiv preprint arXiv:1810.05728},
  year={2018}
}

%SMT
@article{marques1999grasp,
  title={GRASP: A search algorithm for propositional satisfiability},
  author={Marques-Silva, Jo{\~a}o P and Sakallah, Karem A},
  journal={IEEE Transactions on Computers},
  volume={48},
  number={5},
  pages={506--521},
  year={1999},
  publisher={IEEE}
}
@article{de2011satisfiability,
  title={Satisfiability modulo theories: introduction and applications},
  author={De Moura, Leonardo and Bj{\o}rner, Nikolaj},
  journal={Communications of the ACM},
  volume={54},
  number={9},
  pages={69--77},
  year={2011},
  publisher={ACM New York, NY, USA}
}
%
@article{breiman2001random,
  title={Random forests},
  author={Breiman, Leo},
  journal={Machine learning},
  volume={45},
  number={1},
  pages={5--32},
  year={2001},
  publisher={Springer}
}

@inproceedings{katz2017reluplex,
  title={Reluplex: An efficient SMT solver for verifying deep neural networks},
  author={Katz, Guy and Barrett, Clark and Dill, David L and Julian, Kyle and Kochenderfer, Mykel J},
  booktitle={International Conference on Computer Aided Verification},
  pages={97--117},
  year={2017},
  organization={Springer}
}

@inproceedings{ehlers2017formal,
  title={Formal verification of piece-wise linear feed-forward neural networks},
  author={Ehlers, Ruediger},
  booktitle={International Symposium on Automated Technology for Verification and Analysis},
  pages={269--286},
  year={2017},
  organization={Springer}
}
%SMT solver

@inproceedings{bobot2008implementing,
  title={Implementing polymorphism in SMT solvers},
  author={Bobot, Fran{\c{c}}ois and Conchon, Sylvain and Contejean, Evelyne and Lescuyer, St{\'e}phane},
  booktitle={Proceedings of the Joint Workshops of the 6th International Workshop on Satisfiability Modulo Theories and 1st International Workshop on Bit-Precise Reasoning},
  pages={1--5},
  year={2008}
}
@inproceedings{jha2009beaver,
  title={Beaver: Engineering an efficient smt solver for bit-vector arithmetic},
  author={Jha, Susmit and Limaye, Rhishikesh and Seshia, Sanjit A},
  booktitle={International Conference on Computer Aided Verification},
  pages={668--674},
  year={2009},
  organization={Springer}
}
@inproceedings{brummayer2009boolector,
  title={Boolector: An efficient SMT solver for bit-vectors and arrays},
  author={Brummayer, Robert and Biere, Armin},
  booktitle={International Conference on Tools and Algorithms for the Construction and Analysis of Systems},
  pages={174--177},
  year={2009},
  organization={Springer}
}

@inproceedings{cimatti2013mathsat5,
  title={The mathsat5 smt solver},
  author={Cimatti, Alessandro and Griggio, Alberto and Schaafsma, Bastiaan Joost and Sebastiani, Roberto},
  booktitle={International Conference on Tools and Algorithms for the Construction and Analysis of Systems},
  pages={93--107},
  year={2013},
  organization={Springer}
}

@inproceedings{bruttomesso2010opensmt,
  title={The opensmt solver},
  author={Bruttomesso, Roberto and Pek, Edgar and Sharygina, Natasha and Tsitovich, Aliaksei},
  booktitle={International Conference on Tools and Algorithms for the Construction and Analysis of Systems},
  pages={150--153},
  year={2010},
  organization={Springer}
}

@inproceedings{christ2012smtinterpol,
  title={SMTInterpol: An interpolating SMT solver},
  author={Christ, J{\"u}rgen and Hoenicke, Jochen and Nutz, Alexander},
  booktitle={International SPIN Workshop on Model Checking of Software},
  pages={248--254},
  year={2012},
  organization={Springer}
}
@inproceedings{peleska2011automated,
  title={Automated test case generation with SMT-solving and abstract interpretation},
  author={Peleska, Jan and Vorobev, Elena and Lapschies, Florian},
  booktitle={NASA Formal Methods Symposium},
  pages={298--312},
  year={2011},
  organization={Springer}
}
@inproceedings{ganesh2007decision,
  title={A decision procedure for bit-vectors and arrays},
  author={Ganesh, Vijay and Dill, David L},
  booktitle={International Conference on Computer Aided Verification},
  pages={519--531},
  year={2007},
  organization={Springer}
}
@inproceedings{bouton2009verit,
  title={veriT: an open, trustable and efficient SMT-solver},
  author={Bouton, Thomas and de Oliveira, Diego Caminha B and D{\'e}harbe, David and Fontaine, Pascal},
  booktitle={International Conference on Automated Deduction},
  pages={151--156},
  year={2009},
  organization={Springer}
}
@article{dutertre2006yices,
  title={The yices smt solver},
  author={Dutertre, Bruno and De Moura, Leonardo},
  journal={Tool paper at http://yices. csl. sri. com/tool-paper. pdf},
  volume={2},
  number={2},
  pages={1--2},
  year={2006}
}
@inproceedings{de2008z3,
  title={Z3: An efficient SMT solver},
  author={De Moura, Leonardo and Bj{\o}rner, Nikolaj},
  booktitle={International conference on Tools and Algorithms for the Construction and Analysis of Systems},
  pages={337--340},
  year={2008},
  organization={Springer}
}

%interpret
@article{garson1991interpreting,
  title={Interpreting neural network connection weights},
  author={Garson, David G},
  year={1991},
  publisher={AI EXPERT}
}
@inproceedings{lundberg2017unified,
  title={A unified approach to interpreting model predictions},
  author={Lundberg, Scott M and Lee, Su-In},
  booktitle={Advances in neural information processing systems},
  pages={4765--4774},
  year={2017}
}
@inproceedings{zilke2016deepred,
  title={Deepred--rule extraction from deep neural networks},
  author={Zilke, Jan Ruben and Menc{\'\i}a, Eneldo Loza and Janssen, Frederik},
  booktitle={International Conference on Discovery Science},
  pages={457--473},
  year={2016},
  organization={Springer}
}
@inproceedings{chu2018exact,
  title={Exact and consistent interpretation for piecewise linear neural networks: A closed form solution},
  author={Chu, Lingyang and Hu, Xia and Hu, Juhua and Wang, Lanjun and Pei, Jian},
  booktitle={Proceedings of the 24th ACM SIGKDD International Conference on Knowledge Discovery \& Data Mining},
  pages={1244--1253},
  year={2018}
}
@inproceedings{bride2018towards,
  title={Towards dependable and explainable machine learning using automated reasoning},
  author={Bride, Hadrien and Dong, Jie and Dong, Jin Song and H{\'o}u, Zh{\'e}},
  booktitle={International Conference on Formal Engineering Methods},
  pages={412--416},
  year={2018},
  organization={Springer}
}

@inproceedings{ribeiro2018anchors,
  title={Anchors: High-Precision Model-Agnostic Explanations.},
  author={Ribeiro, Marco Tulio and Singh, Sameer and Guestrin, Carlos},
  booktitle={AAAI},
  volume={18},
  pages={1527--1535},
  year={2018}
}

@inproceedings{kim2016examples,
  title={Examples are not enough, learn to criticize! criticism for interpretability},
  author={Kim, Been and Khanna, Rajiv and Koyejo, Oluwasanmi O},
  booktitle={Advances in neural information processing systems},
  pages={2280--2288},
  year={2016}
}

@article{wachter2017counterfactual,
  title={Counterfactual explanations without opening the black box: Automated decisions and the GDPR},
  author={Wachter, Sandra and Mittelstadt, Brent and Russell, Chris},
  journal={Harv. JL \& Tech.},
  volume={31},
  pages={841},
  year={2017},
  publisher={HeinOnline}
}
@article{wright2015ranger,
  title={ranger: A fast implementation of random forests for high dimensional data in C++ and R},
  author={Wright, Marvin N and Ziegler, Andreas},
  journal={arXiv preprint arXiv:1508.04409},
  year={2015}
}
































